@misc{battlenet,
  title={{Blizzard Battle.net Desktop App}},
  howpublished={\url{https://eu.battle.net/support/en/article/25949}},
  note="[Accessed; 2019-01-13]"
}

@misc{iploc,
  title={{IP Location}},
  howpublished={\url{https://www.iplocation.net/}},
  note="[Accessed; 2019-01-13]"
}
@misc{mailHeader,
  title={{E-Mail Header Analyzer}},
  howpublished={\url{https://www.gaijin.at/de/tools/e-mail-header-analyzer}},
  note="[Accessed; 2019-01-13]"
}
@misc{adresspool,
  title={{Tagesaktuelle Business-Adressen, Branchen-Adressen und Firmen-Adressen}},
  howpublished={\url{http://www.adresspool.com/business-adressen.html}},
  note="[Accessed; 2019-01-13]"
}
