@misc{digDat, 
  title={{Digitalisierung braucht wirksamen Datenschutz}},
  howpublished={\url{http://www.privatim.ch/de/digitalisierung-braucht-wirksamen-datenschutz/}},
  note="[Accessed; 2018-12-17]"
}

@misc{roundtable, 
  title={{Internet Society-Chatham House Roundtable on Encryption and Lawful Access}},
  howpublished={\url{https://www.internetsociety.org/resources/doc/2018/internet-society-chatham-house-roundtable-on-encryption-and-lawful-access/}},
  note="[Accessed: 2018-12-17]"
}

@misc{randdatenTele, 
  title={{Speicherung und Aufbewahrung von Randdaten der Telekommunikation. }},
  howpublished={\url{https://www.bger.ch/ext/eurospider/live/de/php/clir/http/index.php?lang=de&type=show_document&highlight_docid=atf://144-I-126:de}},
  note="[Accessed; 2018-12-17]"
}

@misc{ashleyGuy,
  title={{I got caught on AshleyMadison.com}},
  howpublished={\url{https://www.latimes.com/home/la-hm-la-affairs-rick-thomas-20170111-story.html}},
  note="[Accessed; 2018-12-17]"
}

@misc{ashleyGeneral,
  title={{Don’t gloat about the Ashley Madison leak. It’s about way more than infidelity.}},
  howpublished={\url{https://www.washingtonpost.com/news/morning-mix/wp/2015/08/19/dont-gloat-about-the-ashley-madison-leak-its-about-way-more-than-infidelity/?utm_term=.d2a10a8ae580}},
  note="[Accessed; 2018-12-17]"
}

@misc{auBillBad,
  title={{AUSTRALIA'S REVISED "ASSISTANCE AND ACCESS" BILL: STILL A BAD IDEA}},
  howpublished={\url{https://cyberlaw.stanford.edu/blog/2018/10/australias-revised-assistance-and-access-bill-still-bad-idea}},
  note="[Accessed; 2018-12-17]"
}
}

@misc{auBillVeryBad,
  title={{Australian government passes controversial world-first anti-encryption law amid broad criticism}},
  howpublished={\url{https://newatlas.com/australia-encryption-law-passes-controversy/57560/}},
  note="[Accessed; 2018-12-17]"
}

@misc{auBill,
  title={{Telecommunications and Other Legislation Amendment (Assistance and Access) Bill 2018}},
  howpublished={\url{https://www.aph.gov.au/Parliamentary_Business/Bills_Legislation/Bills_Search_Results/Result?bId=r6195}},
  note="[Accessed; 2018-12-17]"
}

@misc{policework,
  title={{Polizeiliche Aufgaben auf Bundesebene}},
  howpublished={\url{https://www.fedpol.admin.ch/fedpol/de/home/polizei-zusammenarbeit/national/polizeiarbeit_auf.html}},
  note="[Accessed; 2018-12-17]"
}


@misc{jabe2017,
  title={{Jahresbericht Fedpol 2017}},
  howpublished={\url{https://www.fedpol.admin.ch/dam/data/fedpol/publiservice/publikationen/berichte/jabe/jabe-2017-d.pdf}},
  note="[Accessed; 2018-12-17]"
}

@misc{antipedo,
  title={{AntiPedoFiles}},
  howpublished={\url{http://www.actioninnocence.org/antipedofile/}},
  note="[Accessed; 2018-12-17]"
}

@misc{crimesAgainstChildren,
  title={{Crimes against children}},
  howpublished={\url{https://www.interpol.int/Crime-areas/Crimes-against-children/Crimes-against-children}},
  note="[Accessed; 2018-12-17]"
}

@misc{terrorism,
  title={{Terrorism}},
  howpublished={\url{https://www.interpol.int/Crime-areas/Terrorism/Terrorism}},
  note="[Accessed; 2018-12-17]"
}

@misc{phasenRadikalisierung,
  title={{Phasen der Radikalisierung}},
  howpublished={\url{https://www.fedpol.admin.ch/fedpol/de/home/terrorismus/terrorismus-aktuelle-lage/Phasen.html}},
  note="[Accessed; 2018-12-17]"
}

@misc{meetupTerrorism,
  title={{International experts meet on potential threat posed by new technologies}},
  howpublished={\url{https://www.interpol.int/News-and-media/News/2018/N2018-143}},
  note="[Accessed; 2018-12-17]"
}

@misc{humanRights,
  title={{Universal Declaration of Human Rights}},
  howpublished={\url{http://www.un.org/en/universal-declaration-human-rights/}},
  note="[Accessed; 2018-12-17]"
}

@misc{fbiCyber,
  title={{Cyber Crime}},
  howpublished={\url{https://www.fbi.gov/investigate/cyber}},
  note="[Accessed; 2018-12-17]"
}


@misc{europolCyber,
  title={{CYBERCRIME}},
  howpublished={\url{https://www.europol.europa.eu/crime-areas-and-trends/crime-areas/cybercrime}},
  note="[Accessed; 2018-12-17]"
}


@misc{europolRegulation,
  title={{REGULATION (EU) 2016/794 OF THE EUROPEAN PARLIAMENT AND OF THE COUNCIL OF 11 MAY 2016}},
  howpublished={\url{https://www.europol.europa.eu/publications-documents/regulation-eu-2016/794-of-european-parliament-and-of-council-of-11-may-2016}},
  note="[Accessed; 2018-12-17]"
}


@misc{interpolCyber,
  title={{Cybercrime}},
  howpublished={\url{https://www.interpol.int/Crime-areas/Cybercrime/Cybercrime}},
  note="[Accessed; 2018-12-17]"
}


@misc{bupf,
  title={{Bundesgesetz betreffend die Überwachung des Post- und Fernmeldeverkehrs}},
  howpublished={\url{https://www.admin.ch/opc/de/classified-compilation/20122728/index.html}},
  note="[Accessed; 2018-12-17]"
}

@misc{nzzBupfWhat,
  title={{Das Nachrichtendienstgesetz auf einen Blick}},
  howpublished={\url{https://www.nzz.ch/schweiz/abstimmung-vom-25-september-das-nachrichtendienstgesetz-auf-einen-blick-ld.111204}},
  note="[Accessed; 2018-12-17]"
}

@misc{nzzBupfWho,
  title={{Müssen die Überwachungsinstrumente des Staates gestärkt werden?}},
  howpublished={\url{https://www.nzz.ch/meinung/debatte/debatte-zur-revision-des-buepf-1.18312367}},
  note="[Accessed; 2018-12-17]"
}

@misc{stopbupf,
  title={{Stop BÜPF}},
  howpublished={\url{https://stopbuepf.ch/}},
  note="[Accessed; 2018-12-17]"
}

@misc{australiaBig,
  title={{US tech giants decry Australia’s ‘deeply flawed’ new anti-encryption law}},
  howpublished={\url{https://techcrunch.com/2018/12/10/silicon-valley-denounce-australia-encryption-law/}},
  note="[Accessed; 2018-12-17]"
}

@misc{australiaSmall,
  title={{Encrypted Messaging App Signal Says It Won’t Comply With Australia’s New Backdoor Bill}},
  howpublished={\url{https://motherboard.vice.com/en_us/article/nep5vb/signal-app-australia-encryption-backdoor-bill}},
  note="[Accessed; 2018-12-17]"
}

@misc{appleGovReq,
  title={{Privacy - Government Information Requests - Apple}},
  howpublished={\url{https://www.apple.com/lae/privacy/government-information-requests/}},
  note="[Accessed; 2018-12-17]"
}

@misc{bgrChildSuccess,
  title={{134 IV 266}},
  howpublished={\url{https://www.bger.ch/ext/eurospider/live/de/php/clir/http/index.php?lang=de&type=show_document&highlight_docid=atf://134-IV-266:de}},
  note="[Accessed; 2018-12-17]"
}

@misc{emrk,
  title={{European Convention on Human Rights}},
  howpublished={\url{https://www.echr.coe.int/Documents/Convention_ENG.pdf}},
  note="[Accessed; 2018-12-17]"
}

@misc{bvg,
  title={{SR101 Bundesverfassung der Schweiz}},
  howpublished={\url{https://www.admin.ch/opc/de/classified-compilation/19995395/index.html#a8}},
  note="[Accessed; 2018-12-17]"
}

@misc{guardianPrivacyTotalitarianState,
  title={{Personal data, privacy and the totalitarian state}},
  howpublished={\url{https://www.theguardian.com/world/2016/oct/18/personal-data-privacy-and-the-totalitarian-state}},
  note="[Accessed; 2018-12-17]"
}

@misc{temp,
  title={{}},
  howpublished={\url{}},
  note="[Accessed; 2018-12-17]"
}
